<?xml version="1.0" encoding="UTF-8" ?>
<record Numero="13914770" format="InterXMarc_Complet" type="Authority">
<leader>01270c0 au22000272  45  <Pos Code="0004">01270</Pos>
<Pos Code="05" Sens="notice modifiée">c</Pos>
<Pos Code="06" Sens="notice validée par les services d&apos;autorité">0</Pos>
<Pos Code="08" Sens="notice d&apos;autorité">a</Pos>
<Pos Code="09" Sens="titre uniforme musical (TUM)">u</Pos>
<Pos Code="10">2</Pos>
<Pos Code="11">2</Pos>
<Pos Code="1216">00027</Pos>
<Pos Code="17" Sens="autres cas">2</Pos>
<Pos Code="20">4</Pos>
<Pos Code="21">5</Pos>
</leader>
<controlfield tag="001">FRBNF139147706<Pos Code="0001">FR</Pos>
<Pos Code="0204">BNF</Pos>
<Pos Code="0512">13914770</Pos>
<Pos Code="13">6</Pos>
</controlfield>
<controlfield tag="008">890821130529yy    su        1913      1919                   010 <Pos Code="0001">89</Pos>
<Pos Code="0203">08</Pos>
<Pos Code="0405">21</Pos>
<Pos Code="0607">13</Pos>
<Pos Code="0809">05</Pos>
<Pos Code="1011">29</Pos>
<Pos Code="1213" Sens="ne s&apos;applique pas">yy</Pos>
<Pos Code="1820">su </Pos>
<Pos Code="2831">1913</Pos>
<Pos Code="3841">1919</Pos>
<Pos Code="61" Sens="La vedette peut être liée à une notice bibliographique pour les accès signalétiques et/ou pour l&apos;accès matière RAMEAU">0</Pos>
<Pos Code="62" Sens="La vedette ne peut s&apos;employer qu&apos;en tête de vedette">1</Pos>
<Pos Code="63" Sens="La vedette n&apos;admet pas de subdivision géographique">0</Pos>
</controlfield>
<datafield tag="048" ind1=" " ind2=" ">
	<subfield code="a">ka01<Pos Code="0001" Sens="clavier - piano">ka</Pos>
<Pos Code="02">0</Pos>
<Pos Code="03">1</Pos>
</subfield>
</datafield>
<datafield tag="100" ind1=" " ind2=" ">
	<subfield code="3">14785271</subfield>
	<subfield code="w"> 0  b     </subfield>
	<subfield code="a">Koechlin</subfield>
	<subfield code="m">Charles</subfield>
	<subfield code="d">1867-1950</subfield>
</datafield>
<datafield tag="144" ind1="1" ind2=" ">
	<subfield code="w">....b.fre.</subfield>
	<subfield code="a" Barre="4">Les heures persanes</subfield>
	<subfield code="p">Op. 65</subfield>
</datafield>
<datafield tag="600" ind1=" " ind2=" ">
	<subfield code="a">Recueil de 16 pièces, d&apos;après &quot;Vers Ispahan&quot; de Pierre Loti</subfield>
	<subfield code="a">Dates de composition : 1913-1919</subfield>
</datafield>
<datafield tag="600" ind1=" " ind2=" ">
	<subfield code="a">Comprend : &quot;Sieste avant le départ&quot; (no 1) ; &quot;La caravane (un rêve pendant la sieste)&quot; (no 2) ; &quot;L&apos;escalade obscure&quot; (no 3) ; &quot;Matin frais dans la haute vallée&quot; (no 4) ; &quot;En vue de la ville&quot; (no 5) ; &quot; À travers les rues&quot; (no 6) ; &quot;Chant du soir&quot; (no 7) ; &quot;Clair de lune sur les terrasses&quot; (no 8) ; &quot;Aubade&quot; (no 9) ; &quot;Roses au soleil de midi&quot; (no 10) ; &quot;A l&apos;ombre, près de la fontaine de marbre&quot; (no 11) ; &quot;Arabesques&quot; (no 12) ; &quot;Les collines au coucher du soleil&quot; (no 13) ; &quot;Le conteur&quot; (no 14) ; &quot;La paix du soir au cimetière&quot; (no 15) ; &quot;Derviches dans la nuit&quot; (no 16)</subfield>
</datafield>
<datafield tag="600" ind1=" " ind2=" ">
	<subfield code="a">Il existe une version avec orchestre, op. 65 bis (1921)</subfield>
</datafield>
<datafield tag="610" ind1=" " ind2=" ">
	<subfield code="a">L&apos;oeuvre de Charles Koechlin : catalogue... [M. Eschig], 1975</subfield>
</datafield>
<datafield tag="610" ind1=" " ind2=" ">
	<subfield code="a">Grove music online</subfield>
	<subfield code="u">http://www.oxfordmusiconline.com</subfield>
	<subfield code="d">2013-05-29</subfield>
</datafield>
<datafield tag="624" ind1=" " ind2=" ">
	<subfield code="a">780<Pos Code="0002" Sens="Musique">780</Pos>
</subfield>
</datafield>
<datafield tag="917" ind1=" " ind2=" ">
	<subfield code="o">OPC</subfield>
	<subfield code="a">100440090</subfield>
</datafield>
<datafield tag="917" ind1=" " ind2=" ">
	<subfield code="o">OPD</subfield>
	<subfield code="a">100832220</subfield>
	<subfield code="b">AMA</subfield>
</datafield>
<datafield tag="996" ind1=" " ind2=" ">
	<subfield code="o">OPP</subfield>
	<subfield code="a">16304621</subfield>
	<subfield code="d">20130426</subfield>
</datafield>
<datafield tag="996" ind1=" " ind2=" ">
	<subfield code="o">OPP</subfield>
	<subfield code="a">16304620</subfield>
	<subfield code="d">20130426</subfield>
</datafield>
<datafield tag="996" ind1=" " ind2=" ">
	<subfield code="o">OPP</subfield>
	<subfield code="a">16304622</subfield>
	<subfield code="d">20130429</subfield>
</datafield>
<Attr Nom="IDPerenne">ark:/12148/cb13914770d</Attr>
<Attr Nom="NumSource">OPC 100440090</Attr>
<Attr Nom="Source" Sens="BnF catalogue général (depuis 1999)">A</Attr>
<Attr Nom="NumAutoriteLiee">14785271</Attr>
<Attr Nom="DateCreation">21/08/ 1989</Attr>
<Attr Nom="ResponsableCreation">MIGV2</Attr>
<Attr Nom="StructCreation">1</Attr>
<Attr Nom="DateDerniereValidation">29/05/ 2013</Attr>
<Attr Nom="ResponsableDerniereValidation">PUYRENIER FREDERIC</Attr>
<Attr Nom="StructPremiereValidation">1</Attr>
<Attr Nom="DatePremiereValidation">21/08/ 1989</Attr>
<Attr Nom="ResponsablePremiereValidation">MIGV2</Attr>
<Attr Nom="StructDerniereValidation">82</Attr>
<Attr Nom="NumSource" Rep="1">OPD 100832220</Attr>
<Attr Nom="NumSource" Rep="2">OPP 16304621</Attr>
<Attr Nom="NumSource" Rep="3">OPP 16304620</Attr>
<Attr Nom="NumSource" Rep="4">OPP 16304622</Attr>
</record>
